@article{favaretto07,
  title={Ant colony system for a VRP with multiple time windows and multiple visits},
  author={Favaretto, Daniela and Moretti, Elena and Pellegrini, Paola},
  journal={Journal of Interdisciplinary Mathematics},
  volume={10},
  number={2},
  pages={263--284},
  year={2007},
  publisher={Taylor \& Francis}
}

@unpublished{4flowWeb,
	author	= {4flow AG},
	title	= {Industries \& references - 
Automotive manufacturers, www.4flow.com},
	year	= {2018},
}

@book{cordeau00,
  title={The VRP with time windows},
  author={Cordeau, Jean-Francois and Groupe d'{\'e}tudes et de recherche en analyse des d{\'e}cisions (Montr{\'e}al, Qu{\'e}bec)},
  year={2000},
  publisher={Montr{\'e}al: Groupe d'{\'e}tudes et de recherche en analyse des d{\'e}cisions}
}

@article{nanry00,
  title={Solving the pickup and delivery problem with time windows using reactive tabu search},
  author={Nanry, William P and Barnes, J Wesley},
  journal={Transportation Research Part B: Methodological},
  volume={34},
  number={2},
  pages={107--121},
  year={2000},
  publisher={Elsevier}
}

@article{parragh08,
  title={A survey on pickup and delivery models part ii: Transportation between pickup and delivery locations},
  author={Parragh, Sophie N and Doerner, Karl F and Hartl, Richard F},
  journal={Journal f{\"u}r Betriebswirtschaft},
  volume={58},
  number={2},
  pages={81--117},
  year={2008}
}
@article{lu06,
  title={A new insertion-based construction heuristic for solving the pickup and delivery problem with time windows},
  author={Lu, Quan and Dessouky, Maged M},
  journal={European Journal of Operational Research},
  volume={175},
  number={2},
  pages={672--687},
  year={2006},
  publisher={Elsevier}
}
@article{kalantari85,
  title={An algorithm for the traveling salesman problem with pickup and delivery customers},
  author={Kalantari, Bahman and Hill, Arthur V and Arora, Sant R},
  journal={European Journal of Operational Research},
  volume={22},
  number={3},
  pages={377--386},
  year={1985},
  publisher={Elsevier}
}
@article{dumas91,
  title={The pickup and delivery problem with time windows},
  author={Dumas, Yvan and Desrosiers, Jacques and Soumis, Francois},
  journal={European journal of operational research},
  volume={54},
  number={1},
  pages={7--22},
  year={1991},
  publisher={Elsevier}
}
@article{fagerholt10,
  title={Reducing fuel emissions by optimizing speed on shipping routes},
  author={Fagerholt, Kjetil and Laporte, Gilbert and Norstad, Inge},
  journal={Journal of the Operational Research Society},
  volume={61},
  number={3},
  pages={523--529},
  year={2010},
  publisher={Taylor \& Francis}
}
@article{berbeglia10,
  title={Dynamic pickup and delivery problems},
  author={Berbeglia, Gerardo and Cordeau, Jean-Fran{\c{c}}ois and Laporte, Gilbert},
  journal={European journal of operational research},
  volume={202},
  number={1},
  pages={8--15},
  year={2010},
  publisher={Elsevier}
}
@article{berbeglia07,
  title={Static pickup and delivery problems: a classification scheme and survey},
  author={Berbeglia, Gerardo and Cordeau, Jean-Fran{\c{c}}ois and Gribkovskaia, Irina and Laporte, Gilbert},
  journal={Top},
  volume={15},
  number={1},
  pages={1--31},
  year={2007},
  publisher={Springer}
}
@phdthesis{zhou13,
  title={Inventory Management and Inbound Logistics Optimization for a Food Processing Company},
  author={Zhou, Heng},
  year={2013},
  school={University of Cincinnati}
}
@article{savelsbergh95,
  title={The general pickup and delivery problem},
  author={Savelsbergh, Martin WP and Sol, Marc},
  journal={Transportation science},
  volume={29},
  number={1},
  pages={17--29},
  year={1995},
  publisher={INFORMS}
}
@article{dror89,
  title={Vehicle routing with stochastic demands: Properties and solution frameworks},
  author={Dror, Moshe and Laporte, Gilbert and Trudeau, Pierre},
  journal={Transportation science},
  volume={23},
  number={3},
  pages={166--176},
  year={1989},
  publisher={INFORMS}
}
@article{christiansen02,
  title={Robust ship scheduling with multiple time windows},
  author={Christiansen, Marielle and Fagerholt, Kjetil},
  journal={Naval Research Logistics (NRL)},
  volume={49},
  number={6},
  pages={611--625},
  year={2002},
  publisher={Wiley Online Library}
}
@article{solomon87,
  title={Algorithms for the vehicle routing and scheduling problems with time window constraints},
  author={Solomon, Marius M},
  journal={Operations research},
  volume={35},
  number={2},
  pages={254--265},
  year={1987},
  publisher={Informs}
}
@article{christiansen04,
  title={Ship routing and scheduling: Status and perspectives},
  author={Christiansen, Marielle and Fagerholt, Kjetil and Ronen, David},
  journal={Transportation science},
  volume={38},
  number={1},
  pages={1--18},
  year={2004},
  publisher={INFORMS}
}
@article{hemmati14,
  title={Benchmark suite for industrial and tramp ship routing and scheduling problems},
  author={Hemmati, Ahmad and Hvattum, Lars Magnus and Fagerholt, Kjetil and Norstad, Inge},
  journal={INFOR: Information Systems and Operational Research},
  volume={52},
  number={1},
  pages={28--38},
  year={2014},
  publisher={Taylor \& Francis}
}
@article{hemmati16,
  title={An iterative two-phase hybrid matheuristic for a multi-product short sea inventory-routing problem},
  author={Hemmati, Ahmad and Hvattum, Lars Magnus and Christiansen, Marielle and Laporte, Gilbert},
  journal={European Journal of Operational Research},
  volume={252},
  number={3},
  pages={775--788},
  year={2016},
  publisher={Elsevier}
}
@article{ferreira18,
  title={Variable Neighborhood Search for Vehicle Routing Problem with Multiple Time Windows},
  author={Ferreira, Huggo Silva and Bogue, Eduardo Theodoro and Noronha, Thiago F and Belhaiza, Slim and Prins, Christian},
  journal={Electronic Notes in Discrete Mathematics},
  volume={66},
  pages={207--214},
  year={2018},
  publisher={Elsevier}
}
@article{desrosiers95,
  title={Time constrained routing and scheduling},
  author={Desrosiers, Jacques and Dumas, Yvan and Solomon, Marius M and Soumis, Fran{\c{c}}ois},
  journal={Handbooks in operations research and management science},
  volume={8},
  pages={35--139},
  year={1995},
  publisher={Elsevier}
}

