@article{glover86,
  title={Future paths for integer programming and links to artificial intelligence},
  author={Glover, Fred},
  journal={Computers \& operations research},
  volume={13},
  number={5},
  pages={533--549},
  year={1986},
  publisher={Elsevier}
}

@article{kirkpatrick83,
  title={Optimization by simulated annealing},
  author={Kirkpatrick, Scott and Gelatt, C Daniel and Vecchi, Mario P},
  journal={science},
  volume={220},
  number={4598},
  pages={671--680},
  year={1983},
  publisher={American Association for the Advancement of Science}
}

@article{li03,
  title={A metaheuristic for the pickup and delivery problem with time windows},
  author={Li, Haibing and Lim, Andrew},
  journal={International Journal on Artificial Intelligence Tools},
  volume={12},
  number={02},
  pages={173--186},
  year={2003},
  publisher={World Scientific}
}


@article{lau02,
  title={Pickup and delivery with time windows: Algorithms and test case generation},
  author={Lau, Hoong Chuin and Liang, Zhe},
  journal={International Journal on Artificial Intelligence Tools},
  volume={11},
  number={03},
  pages={455--472},
  year={2002},
  publisher={World Scientific}
}

@article{cordeau01,
  title={A unified tabu search heuristic for vehicle routing problems with time windows},
  author={Cordeau, Jean-Fran{\c{c}}ois and Laporte, Gilbert and Mercier, Anne},
  journal={Journal of the Operational research society},
  volume={52},
  number={8},
  pages={928--936},
  year={2001},
  publisher={Springer}
}

@article{sorensen13,
  title={Metaheuristics},
  author={S{\"o}rensen, Kenneth and Glover, Fred W},
  journal={Encyclopedia of operations research and management science},
  pages={960--970},
  year={2013},
  publisher={Springer}
}

@article{crama03,
  title={Simulated annealing for complex portfolio selection problems},
  author={Crama, Yves and Schyns, Micha{\"e}l},
  journal={European Journal of operational research},
  volume={150},
  number={3},
  pages={546--571},
  year={2003},
  publisher={Elsevier}
}

@techreport{kaufman90,
  title={Finding groups in data; an introduction to cluster analysis},
  author={Kaufman, L and Rousseeuw, PJ},
  year={1990},
  institution={J. Wiley}
}

@article{hosny12, 
  title={Constructing initial solutions for the multiple vehicle pickup and delivery problem with time windows},
  author={Hosny, Manar I and Mumford, Christine L},
  journal={Journal of King Saud University-Computer and Information Sciences},
  volume={24},
  number={1},
  pages={59--69},
  year={2012},
  publisher={Elsevier}
}


@software{java,
    author={{Oracle Corporation}},
    title={Java SE JDK},
    url={https://www.oracle.com/technetwork/java/javase/downloads/jdk11-downloads-5066655.html},
    year={2019},
    version={11.0.4},
    date={2019-07-16}
}

@software{ampl,
    author={{AMPL Optimization Inc.}},
    title={AMPL IDE},
    url={http://www.ampl.com},
    year={2019},
    version={3.5.0.201802211231},
    date={2019-07-10}
}

@software{gurobi,
    author={{Gurobi Optimization Inc.}},
    title={Gurobi for AMPL},
    url={https://www.gurobi.com/},
    year={2019},
    version={8.1},
    date={2019-07-10}
}

@software{matlab,
    author={{The MathWorks Inc.}},
    title={Matlab R2019a Update 5},
    url={https://mathworks.com/},
    year={2019},
    version={9.6.0.1174912},
    date={2019-07-31}
}

@article{ropke06,
  title={An adaptive large neighborhood search heuristic for the pickup and delivery problem with time windows},
  author={Ropke, Stefan and Pisinger, David},
  journal={Transportation science},
  volume={40},
  number={4},
  pages={455--472},
  year={2006},
  publisher={Informs}
}

@article{carrabs07,
  title={Variable neighborhood search for the pickup and delivery traveling salesman problem with LIFO loading},
  author={Carrabs, Francesco and Cordeau, Jean-Fran{\c{c}}ois and Laporte, Gilbert},
  journal={INFORMS Journal on Computing},
  volume={19},
  number={4},
  pages={618--632},
  year={2007},
  publisher={INFORMS}
}

@article{shaw97,
  title={A new local search algorithm providing high quality solutions to vehicle routing problems},
  author={Shaw, Paul},
  journal={APES Group, Dept of Computer Science, University of Strathclyde, Glasgow, Scotland, UK},
  year={1997}
}

@article{favaretto07,
  title={Ant colony system for a VRP with multiple time windows and multiple visits},
  author={Favaretto, Daniela and Moretti, Elena and Pellegrini, Paola},
  journal={Journal of Interdisciplinary Mathematics},
  volume={10},
  number={2},
  pages={263--284},
  year={2007},
  publisher={Taylor \& Francis}
}

@unpublished{4flowWeb,
	author= {4flow AG},
	title= {Industries \& references - Automotive manufacturers, www.4flow.com},
	year= {2018},
}

@book{cordeau00,
  title={The VRP with time windows},
  author={Cordeau, Jean-Francois and Groupe d'{\'e}tudes et de recherche en analyse des d{\'e}cisions (Montr{\'e}al, Qu{\'e}bec)},
  year={2000},
  publisher={Montr{\'e}al: Groupe d'{\'e}tudes et de recherche en analyse des d{\'e}cisions}
}

@article{nanry00,
  title={Solving the pickup and delivery problem with time windows using reactive tabu search},
  author={Nanry, William P and Barnes, J Wesley},
  journal={Transportation Research Part B: Methodological},
  volume={34},
  number={2},
  pages={107--121},
  year={2000},
  publisher={Elsevier}
}

@article{parragh08,
  title={A survey on pickup and delivery models part ii: Transportation between pickup and delivery locations},
  author={Parragh, Sophie N and Doerner, Karl F and Hartl, Richard F},
  journal={Journal f{\"u}r Betriebswirtschaft},
  volume={58},
  number={2},
  pages={81--117},
  year={2008}
}

@article{lu06,
  title={A new insertion-based construction heuristic for solving the pickup and delivery problem with time windows},
  author={Lu, Quan and Dessouky, Maged M},
  journal={European Journal of Operational Research},
  volume={175},
  number={2},
  pages={672--687},
  year={2006},
  publisher={Elsevier}
}

@article{kalantari85,
  title={An algorithm for the traveling salesman problem with pickup and delivery customers},
  author={Kalantari, Bahman and Hill, Arthur V and Arora, Sant R},
  journal={European Journal of Operational Research},
  volume={22},
  number={3},
  pages={377--386},
  year={1985},
  publisher={Elsevier}
}

@article{dumas91,
  title={The pickup and delivery problem with time windows},
  author={Dumas, Yvan and Desrosiers, Jacques and Soumis, Francois},
  journal={European journal of operational research},
  volume={54},
  number={1},
  pages={7--22},
  year={1991},
  publisher={Elsevier}
}

@article{fagerholt10,
  title={Reducing fuel emissions by optimizing speed on shipping routes},
  author={Fagerholt, Kjetil and Laporte, Gilbert and Norstad, Inge},
  journal={Journal of the Operational Research Society},
  volume={61},
  number={3},
  pages={523--529},
  year={2010},
  publisher={Taylor \& Francis}
}

@article{berbeglia10,
  title={Dynamic pickup and delivery problems},
  author={Berbeglia, Gerardo and Cordeau, Jean-Fran{\c{c}}ois and Laporte, Gilbert},
  journal={European journal of operational research},
  volume={202},
  number={1},
  pages={8--15},
  year={2010},
  publisher={Elsevier}
}

@article{berbeglia07,
  title={Static pickup and delivery problems: a classification scheme and survey},
  author={Berbeglia, Gerardo and Cordeau, Jean-Fran{\c{c}}ois and Gribkovskaia, Irina and Laporte, Gilbert},
  journal={Top},
  volume={15},
  number={1},
  pages={1--31},
  year={2007},
  publisher={Springer}
}

@phdthesis{zhou13,
  title={Inventory Management and Inbound Logistics Optimization for a Food Processing Company},
  author={Zhou, Heng},
  year={2013},
  school={University of Cincinnati}
}

@article{savelsbergh95,
  title={The general pickup and delivery problem},
  author={Savelsbergh, Martin WP and Sol, Marc},
  journal={Transportation science},
  volume={29},
  number={1},
  pages={17--29},
  year={1995},
  publisher={INFORMS}
}

@article{lin65,
  title={Computer solutions of the traveling salesman problem},
  author={Lin, Shen},
  journal={Bell System Technical Journal},
  volume={44},
  number={10},
  pages={2245--2269},
  year={1965},
  publisher={Wiley Online Library}
}

@incollection{bullnheimer99,
  title={Applying the ant system to the vehicle routing problem},
  author={Bullnheimer, Bernd and Hartl, Richard F and Strauss, Christine},
  booktitle={Meta-heuristics},
  pages={285--296},
  year={1999},
  publisher={Springer}
}

@article{savelsbergh90,
  title={An efficient implementation of local search algorithms for constrained routing problems},
  author={Savelsbergh, Martin WP},
  journal={European Journal of Operational Research},
  volume={47},
  number={1},
  pages={75--85},
  year={1990},
  publisher={Elsevier}
}

@article{dror89,
  title={Vehicle routing with stochastic demands: Properties and solution frameworks},
  author={Dror, Moshe and Laporte, Gilbert and Trudeau, Pierre},
  journal={Transportation science},
  volume={23},
  number={3},
  pages={166--176},
  year={1989},
  publisher={INFORMS}
}

@article{christiansen02,
  title={Robust ship scheduling with multiple time windows},
  author={Christiansen, Marielle and Fagerholt, Kjetil},
  journal={Naval Research Logistics (NRL)},
  volume={49},
  number={6},
  pages={611--625},
  year={2002},
  publisher={Wiley Online Library}
}

@article{solomon87,
  title={Algorithms for the vehicle routing and scheduling problems with time window constraints},
  author={Solomon, Marius M},
  journal={Operations research},
  volume={35},
  number={2},
  pages={254--265},
  year={1987},
  publisher={Informs}
}

@article{christiansen04,
  title={Ship routing and scheduling: Status and perspectives},
  author={Christiansen, Marielle and Fagerholt, Kjetil and Ronen, David},
  journal={Transportation science},
  volume={38},
  number={1},
  pages={1--18},
  year={2004},
  publisher={INFORMS}
}

@article{hemmati14,
  title={Benchmark suite for industrial and tramp ship routing and scheduling problems},
  author={Hemmati, Ahmad and Hvattum, Lars Magnus and Fagerholt, Kjetil and Norstad, Inge},
  journal={INFOR: Information Systems and Operational Research},
  volume={52},
  number={1},
  pages={28--38},
  year={2014},
  publisher={Taylor \& Francis}
}

@article{hemmati16,
  title={An iterative two-phase hybrid matheuristic for a multi-product short sea inventory-routing problem},
  author={Hemmati, Ahmad and Hvattum, Lars Magnus and Christiansen, Marielle and Laporte, Gilbert},
  journal={European Journal of Operational Research},
  volume={252},
  number={3},
  pages={775--788},
  year={2016},
  publisher={Elsevier}
}

@article{ferreira18,
  title={Variable Neighborhood Search for Vehicle Routing Problem with Multiple Time Windows},
  author={Ferreira, Huggo Silva and Bogue, Eduardo Theodoro and Noronha, Thiago F and Belhaiza, Slim and Prins, Christian},
  journal={Electronic Notes in Discrete Mathematics},
  volume={66},
  pages={207--214},
  year={2018},
  publisher={Elsevier}
}

@article{desrosiers95,
  title={Time constrained routing and scheduling},
  author={Desrosiers, Jacques and Dumas, Yvan and Solomon, Marius M and Soumis, Fran{\c{c}}ois},
  journal={Handbooks in operations research and management science},
  volume={8},
  pages={35--139},
  year={1995},
  publisher={Elsevier}
}

